<?xml version="1.0" encoding="UTF-8"?><record xmlns="http://www.loc.gov/MARC21/slim" xmlns:cinclude="http://apache.org/cocoon/include/1.0" xmlns:zs="http://www.loc.gov/zing/srw/">
  <leader>00540nz  a2200133n  4500</leader>
  <controlfield tag="001">n  92073783 </controlfield>
  <controlfield tag="003">DLC</controlfield>
  <controlfield tag="005">19920727092727.4</controlfield>
  <controlfield tag="008">920721n| acannaab|          |a aaa |||  </controlfield>
  <datafield tag="010" ind1=" " ind2=" ">
    <subfield code="a">n  92073783 </subfield>
  </datafield>
  <datafield tag="040" ind1=" " ind2=" ">
    <subfield code="a">DLC</subfield>
    <subfield code="c">DLC</subfield>
  </datafield>
  <datafield tag="100" ind1="1" ind2="0">
    <subfield code="a">Ati︠u︡rʹevskai︠a︡, A. S.</subfield>
    <subfield code="q">(Alʹbina Sergeevna)</subfield>
  </datafield>
  <datafield tag="400" ind1="1" ind2="0">
    <subfield code="a">Ati︠u︡rʹevskai︠a︡, Alʹbina Sergeevna</subfield>
  </datafield>
  <datafield tag="670" ind1=" " ind2=" ">
    <subfield code="a">Arkhipova, N.I. Kolichestvennye metody v proekt. upravlench. dei︠a︡telʹnosti, 1990:</subfield>
    <subfield code="b">t.p. (A.S. Ati︠u︡rʹevskai︠a︡) colophon (Alʹbina Sergeevna Ati︠u︡rʹevskai︠a︡)</subfield>
  </datafield>
</record>